<record><leader>00000cas a22000007a 4500</leader><controlfield tag="001">17063531</controlfield><controlfield tag="008">871125d18331837ohuwr ne      0    0eng d</controlfield><datafield ind1=" " ind2=" " tag="010"><subfield code="a">sn 87075212 </subfield></datafield><datafield ind1=" " ind2=" " tag="040"><subfield code="a">ONP</subfield><subfield code="b">eng</subfield><subfield code="c">ONP</subfield><subfield code="d">OCLCQ</subfield></datafield><datafield ind1=" " ind2=" " tag="042"><subfield code="a">msc</subfield></datafield><datafield ind1="0" ind2=" " tag="130"><subfield code="a">Marietta gazette (Marietta, Ohio : 1833)</subfield></datafield><datafield ind1="1" ind2="4" tag="245"><subfield code="a">The Marietta gazette.</subfield></datafield><datafield ind1=" " ind2=" " tag="260"><subfield code="a">Marietta [Ohio] :</subfield><subfield code="b">Delafield &amp; Nye,</subfield><subfield code="c">1833-1837.</subfield></datafield><datafield ind1=" " ind2=" " tag="310"><subfield code="a">Weekly</subfield></datafield><datafield ind1="0" ind2=" " tag="362"><subfield code="a">Vol. 1, no. 1 (June 29, 1833)-v. 3, no. 52 (Nov. 17, 1837).</subfield></datafield><datafield ind1=" " ind2=" " tag="752"><subfield code="a">United States</subfield><subfield code="b">Ohio</subfield><subfield code="c">Washington</subfield><subfield code="d">Marietta.</subfield></datafield><datafield ind1="0" ind2="0" tag="780"><subfield code="t">American friend &amp; Marietta gazette</subfield><subfield code="w">(DLC)sn 84028527</subfield></datafield><datafield ind1="0" ind2="0" tag="785"><subfield code="t">Marietta gazette and Washington County agriculturist</subfield><subfield code="w">(DLC)sn 85026128</subfield></datafield></record>